@Book{KBIS_Gavrilova,
    Title                   = {Базы знаний интеллектуальных систем}, 
    Author                  = {Т. А. Гаврилова and В. Ф. Хорошевский},
    Publisher               = {Питер},
    Year                    = {2000},
    pages                   = {384},
    language                = {russian},
    Note                    = {Режим доступа: \url{http://www.immsp.kiev.ua/postgraduate/Biblioteka_trudy/BazyZnanIntelSistemGavrilova2000.pdf}. -- Дата доступа: 12.03.2023},
}

@Book{OSTIS,
    Title                   = {Открытая технология онтологического проектирования, производства и эксплуатации семантически совместимых гибридных интеллектуальных компьютерных систем},
    Author                  = {В. В. Голенков and Н. А. Гулякина and Д. В. Шункевич},
    Publisher               = {Бестпринт},
    Year                    = {2021},
    pages                   = {690},
    language                = {russian},
    Note                    = {Режим доступа: \url{https://libeldoc.bsuir.by/handle/123456789/45813}. -- Дата доступа: 13.03.2023},
}

@Article{Model_Shunkevich,
    Title                  = {Модели и средства компонентного проектирования машин обработки знаний на основе семантических сетей},
    Author                 = {Д. В. Шункевич},
    Publisher              = {БГУИР},
    Year                   = {2013},
    City                   = {Минск},
    pages                  = {269~--~280},
    language               = {russian},
    journal                = {Открытые семантические технологии проектирования интеллектуальных систем = Open Semantic Technologies for Intelligent Systems (OSTIS-2013) : материалы III Междунар. научн.-техн. конф. (Минск, 21-23 февраля 2013г.) / редкол. : В. В. Голенков (отв. ред.) [и др.]},
    Note                   = {Режим доступа: \url{https://libeldoc.bsuir.by/handle/123456789/4366}. -- Дата доступа: 13.03.2023},
}

@Article{Model_Baryshev,
    Title                  = {Модели представления знаний экспертных систем},
    Author                 = {М. В. Барышев and И. Ю. Гатчин and Ю. А. Гатчин},
    Year                   = {2006},
    Number                 = {29},
    Journal                = {Научно-технический вестник информационных технологий, механики и оптики},
    Note                   = {Режим доступа: \url{https://cyberleninka.ru/article/n/modeli-predstavleniya-znaniy-ekspertnyh-sistem}. -- Дата доступа: 12.03.2023},
    language               = {russian}
}

@Misc{Shikimori,
    Title                  = {Шикимори -- энциклопедия манги и аниме [электронный ресурс]},
    Note                   = {Режим доступа: \url{https://shikimori.one/}. -- Дата доступа: 12.03.2023},
    language               = {russian}
}

@Misc{MAL,
    Title                  = {MyAnimeList -- anime and manga database [electronic resource]},
    Note                   = {Mode of access: \url{https://myanimelist.net/}. -- Date of access: 12.03.2023},
    language               = {english}
}

@Misc{SemanticWeb,
    Title                  = {Semantic Web -- W3C [electronic resource]},
    Note                   = {Mode of access: \url{https://www.w3.org/standards/semanticweb/}. -- Date of access: 12.03.2023},
    language               = {english}
}

@Misc{OSTISBibliography,
    Title = {База знаний интеллектуальной справочной системы по библиографии [электронный ресурс]},
    Note  = {Режим доступа: \url{https://github.com/ostis-apps/ostis-bibliography}. -- Дата доступа: 28.04.2023},
    language = {russian}
}

@Misc{IMS,
    Title                  = {Метасистема {IMS} [электронный ресурс]},
    Note                   = {Режим доступа: \url{https://ims.ostis.net}. --- Дата доступа: 13.05.2023},
    language  = {russian},    
}

@book{averkin1992толковый,
  title={Толковый словарь по искусственному интеллекту},
  author={Аверкин, А.Н. and Гаазе-Рапопорт, М.Г. and Поспелов, Д.А.},
  isbn={9785256006051},
  lccn={92226752},
  year={1992},
  publisher={Радио и связь},
  note = {Режим доступа: \url{https://books.google.by/books?id=DKkfAQAAIAAJ}. -- Дата доступа: 14.05.2023},
  language = {russian}
}


@Article{Ivashenko,
    Title = {Семантическая технология проектирования баз знаний},
    year = {2009},
    Author = {Ивашенко, В.П.},
    Journal = {Доклады БГУИР},
    Number = {7},
    Note = {Режим доступа: \url{https://cyberleninka.ru/article/n/semanticheskaya-tehnologiya-proektirovaniya-baz-znaniy}. -- Дата доступа: 14.05.2023},
    language = {russian},
}

@Article{Gulyakina,
    Title = {Семантические модели и метод согласованной разработки баз знаний},
    Author = {Гулякина, Н.А. and Давыденко, И.Т.},
    Journal = {Программные продукты и системы},
    Year = {2020},
    Number = {3},
    Note = {Режим доступа: \url{https://cyberleninka.ru/article/n/semanticheskie-modeli-i-metod-soglasovannoy-razrabotki-baz-znaniy}. -- Дата доступа: 14.05.2023},
    language = {russian}
}

% Каунг Мьят Хту Анализ языка Веб онтологии (owl) и семантическая веб-технология // Auditorium. 2017. №4 (16). URL: https://cyberleninka.ru/article/n/analiz-yazyka-veb-ontologii-owl-i-semanticheskaya-veb-tehnologiya (дата обращения: 20.05.2023).
@Article{Kursk,
    Title = {Анализ языка Веб онтологии (owl) и семантическая веб-технология},
    Author = {Каунг Мьят Хту},
    Journal = {Auditorium},
    Year = {2017},
    Number = {4},
    Note = {Режим доступа: \url{https://cyberleninka.ru/article/n/analiz-yazyka-veb-ontologii-owl-i-semanticheskaya-veb-tehnologiya}. -- Дата доступа: 20.05.2023},
    language = {russian}
}

% Кафтанников И. Л., Коровин С. Е. Перспективы использования web-онтологий в учебном процессе // ОТО. 2003. №3. URL: https://cyberleninka.ru/article/n/perspektivy-ispolzovaniya-web-ontologiy-v-uchebnom-protsesse (дата обращения: 20.05.2023).
@Article{Kaftannikov,
    Title = {Перспективы использования web-онтологий в учебном процессе},
    Author = {Кафтанников, И. Л. and Коровин, С. Е.},
    Journal = {ОТО},
    Year = {2003},
    Number = {3},
    Note = {Режим доступа: \url{https://cyberleninka.ru/article/n/perspektivy-ispolzovaniya-web-ontologiy-v-uchebnom-protsesse}. -- Дата доступа: 20.05.2023},
    language = {russian}
}

@Article{Kaeshko,
    Title = {Принципы интеграции содержимого RDF-хранилищ в проект OSTIS},
    Author = {Каешко, А. И. and Колб, Д. Г.},
    Journal = {Открытые семантические технологии проектирования интеллектуальных систем = Open Semantic Technologies for Intelligent Systems (OSTIS-2014) : материалы IV междунар. науч.-техн. конф. (Минск, 20-22 февраля 2014 года) / редкол.: В. В. Голенков (отв. ред.) [и другие].},
    Publisher              = {БГУИР},
    Year                   = {2014},
    City                   = {Минск},
    pages                  = {447~--~452},
    language = {russian},
    note = {Режим доступа: \url{https://libeldoc.bsuir.by/handle/123456789/26257}. -- Дата доступа: 20.05.2023}
}